@MISC{NL_2011_002_R1,
	title = {Maintainance Directive NL-2011-002 R1},
	year = {2017},
	month = {Feb},
	note = {\url{https://www.ilent.nl/Images/Maintenance%20Directive%20NL-2011-002%20R1_tcm334-351539.pdf}}
}

@MISC{EC_1207_2011,
	title = {EC Regulation 1207/2011},
	year = {2017},
	month = {Feb},
	note = {\url{http://eur-lex.europa.eu/legal-content/EN/TXT/PDF/?uri=CELEX:32011R1207&from=EN}}
}

